<?xml version='1.0' encoding='UTF-8'?>
<record xmlns="http://www.loc.gov/MARC21/slim">
  <leader>02740cam a2200505 a 4500</leader>
  <controlfield tag="001">460656</controlfield>
  <controlfield tag="003">NjP</controlfield>
  <controlfield tag="005">20170518131413.0</controlfield>
  <controlfield tag="008">880810m19871989ir       b    101 0 ara d</controlfield>
  <datafield tag="024" ind1="7" ind2=" ">
    <subfield code="a">princeton_aco003197</subfield>
    <subfield code="2">local</subfield>
  </datafield>
  <datafield ind1=" " ind2=" " tag="035">
    <subfield code="a">(OCoLC)39908810</subfield>
  </datafield>
  <datafield ind1=" " ind2=" " tag="035">
    <subfield code="a">(OCoLC)ocn175417027</subfield>
  </datafield>
  <datafield ind1=" " ind2=" " tag="035">
    <subfield code="a">(OCoLC)175417027</subfield>
  </datafield>
  <datafield ind1=" " ind2=" " tag="035">
    <subfield code="a">(CStRLIN)NJPG88-B40304</subfield>
  </datafield>
  <datafield ind1=" " ind2=" " tag="035">
    <subfield code="9">ACD6307TS</subfield>
  </datafield>
  <datafield ind1=" " ind2=" " tag="035">
    <subfield code="a">(NjP)460656</subfield>
  </datafield>
  <datafield ind1=" " ind2=" " tag="040">
    <subfield code="a">NjP</subfield>
    <subfield code="c">PUL</subfield>
    <subfield code="d">PUL</subfield>
  </datafield>
  <datafield ind1=" " ind2=" " tag="049">
    <subfield code="a">PULL</subfield>
  </datafield>
  <datafield ind1=" " ind2=" " tag="079">
    <subfield code="a">ocm39908810</subfield>
    <subfield code="z">ocm61506327</subfield>
  </datafield>
  <datafield ind1="1" ind2=" " tag="100">
    <subfield code="6">880-01</subfield>
    <subfield code="a">Najaf, Muḥammad Mahdī.</subfield>
  </datafield>
  <datafield ind1="1" ind2="3" tag="245">
    <subfield code="6">880-02</subfield>
    <subfield code="a">al-Jāmiʻ li-ruwāt wa-aṣḥāb al-Imām al-Riḍá ʻalayhi al-salām /</subfield>
    <subfield code="c">taʼlīf Muḥammad Mahdī Najaf.</subfield>
  </datafield>
  <datafield ind1=" " ind2=" " tag="260">
    <subfield code="6">880-03</subfield>
    <subfield code="a">[Iran] :</subfield>
    <subfield code="b">al-Muʼtamar al-ʻĀlamī al-Thānī lil-Imām al-Riḍá,</subfield>
    <subfield code="c">1407-1409 [1987-1989]</subfield>
  </datafield>
  <datafield ind1=" " ind2=" " tag="300">
    <subfield code="a">2 v. ;</subfield>
    <subfield code="c">25 cm.</subfield>
  </datafield>
  <datafield ind1="1" ind2=" " tag="490">
    <subfield code="6">880-04</subfield>
    <subfield code="a">Kungrah-i Jahānī-i Ḥaz̤rat-i Riz̤ā ʻAlayhi al-Salām ;</subfield>
    <subfield code="v">13-14</subfield>
  </datafield>
  <datafield ind1=" " ind2=" " tag="500">
    <subfield code="a">Title page partially vocalized.</subfield>
  </datafield>
  <datafield ind1=" " ind2=" " tag="500">
    <subfield code="6">880-05</subfield>
    <subfield code="a">Title on added t.p.: Al-jāmiʻ li-ruwāt wa ʼasḥāb al-Imām al-Riḍā (Ā.S.).</subfield>
  </datafield>
  <datafield ind1=" " ind2=" " tag="500">
    <subfield code="a">Includes indexes.</subfield>
  </datafield>
  <datafield ind1=" " ind2=" " tag="504">
    <subfield code="a">Includes bibliographical references (v. 2, p. 542-556).</subfield>
  </datafield>
  <datafield ind1="0" ind2="0" tag="600">
    <subfield code="6">880-06</subfield>
    <subfield code="a">ʻAlī al-Riḍā ibn Mūsá,</subfield>
    <subfield code="d">d. 818 or 19</subfield>
    <subfield code="x">Hadith</subfield>
    <subfield code="x">Congresses.</subfield>
  </datafield>
  <datafield ind1=" " ind2="0" tag="650">
    <subfield code="a">Hadith</subfield>
    <subfield code="x">Authorities</subfield>
    <subfield code="x">Congresses.</subfield>
  </datafield>
  <datafield ind1="2" ind2=" " tag="711">
    <subfield code="6">880-07</subfield>
    <subfield code="a">Kungrah-i Jahānī-i Ḥaz̤rat-i Riz̤ā ʻAlayhi al-Salām</subfield>
    <subfield code="n">(2nd :</subfield>
    <subfield code="d">1986).</subfield>
  </datafield>
  <datafield ind1="0" ind2=" " tag="740">
    <subfield code="6">880-08</subfield>
    <subfield code="a">Al-jāmiʻ li-ruwāt wa ʼasḥāb al-Imām al-Riḍā (Ā.S.).</subfield>
  </datafield>
  <datafield ind1=" " ind2="0" tag="830">
    <subfield code="6">880-09</subfield>
    <subfield code="a">Kungrah-i Jahānī-i Ḥaz̤rat-i Riz̤ā ʻAlayhi al-Salām (series) ;</subfield>
    <subfield code="v">13-14.</subfield>
  </datafield>
  <datafield ind1="1" ind2=" " tag="880">
    <subfield code="6">100-01/r</subfield>
    <subfield code="a">نجف، محمد مهدي.</subfield>
  </datafield>
  <datafield ind1="1" ind2="2" tag="880">
    <subfield code="6">245-02/r</subfield>
    <subfield code="a">الجامع لروات واصحاب الامام الرضى عليه السلام /</subfield>
    <subfield code="c">تأليف محمد مهدي نجف.</subfield>
  </datafield>
  <datafield ind1=" " ind2=" " tag="880">
    <subfield code="6">260-03/r</subfield>
    <subfield code="a">[ايران] :</subfield>
    <subfield code="b">المؤتمر العالمي الثاني للامام الرضى،</subfield>
    <subfield code="c">14071409 [19871989]</subfield>
  </datafield>
  <datafield ind1="1" ind2=" " tag="880">
    <subfield code="6">490-04/r</subfield>
    <subfield code="a">كنگرها جهانيا حزرتا رزا عليه السلام ؛</subfield>
    <subfield code="v">1314</subfield>
  </datafield>
  <datafield ind1=" " ind2=" " tag="880">
    <subfield code="6">500-05/r</subfield>
    <subfield code="a">:Title on added t.pالجامع لروات و أسحاب الامام الرضا (آ.س.).</subfield>
  </datafield>
  <datafield ind1="0" ind2="0" tag="880">
    <subfield code="6">600-06/r</subfield>
    <subfield code="a">علي الرضا بن موسى،</subfield>
    <subfield code="d">d. 818 or 19</subfield>
    <subfield code="x">هدث</subfield>
    <subfield code="x">Congresses.</subfield>
  </datafield>
  <datafield ind1="2" ind2=" " tag="880">
    <subfield code="6">711-07/r</subfield>
    <subfield code="a">كنگرها جهانيا حزرتا رزا عليه السلام</subfield>
    <subfield code="n">(2ند :</subfield>
    <subfield code="d">1986).</subfield>
  </datafield>
  <datafield ind1="0" ind2=" " tag="880">
    <subfield code="6">740-08/r</subfield>
    <subfield code="a">الجامع لروات و أسحاب الامام الرضا (آ.س.).</subfield>
  </datafield>
  <datafield ind1=" " ind2="0" tag="880">
    <subfield code="6">830-09/r</subfield>
    <subfield code="a">كنگرها جهانيا حزرتا رزا عليه السلام (السلسلة) ؛</subfield>
    <subfield code="v">1314.</subfield>
  </datafield>
  <datafield ind1=" " ind2=" " tag="998">
    <subfield code="a">11/27/90</subfield>
    <subfield code="s">9118</subfield>
    <subfield code="n">NjP</subfield>
    <subfield code="w">NJPG88B40304</subfield>
    <subfield code="d">08/10/88</subfield>
    <subfield code="c">JEB</subfield>
    <subfield code="b">JEB</subfield>
    <subfield code="i">901127</subfield>
    <subfield code="l">NJPG</subfield>
  </datafield>
  <datafield ind1=" " ind2=" " tag="911">
    <subfield code="a">19921028</subfield>
  </datafield>
  <datafield ind1=" " ind2=" " tag="912">
    <subfield code="a">19910104000000.0</subfield>
  </datafield>
  <datafield ind1=" " ind2=" " tag="994">
    <subfield code="a">C0</subfield>
    <subfield code="b">PUL</subfield>
  </datafield>
  <datafield ind1=" " ind2=" " tag="999">
    <subfield code="a">460656</subfield>
  </datafield>
  <datafield ind1="0" ind2="0" tag="852">
    <subfield code="0">501045</subfield>
    <subfield code="b">rcppa</subfield>
    <subfield code="t">1</subfield>
    <subfield code="h">BP193.18.A2</subfield>
    <subfield code="i">N353 1987</subfield>
    <subfield code="x">tr fr nec</subfield>
  </datafield>
  <datafield ind1=" " ind2=" " tag="959">
    <subfield code="a">2000-06-13 00:00:00 -0400</subfield>
  </datafield>
</record>
